@manual{AES-FIPS,
  key           = {NIST},
  organization  = {{National Institute of Standards and Technology}},
  title         = {Announcing the {Advanced Encryption Standard} ({AES})},
  year          = {2001},
  note          = {Federal Information Processing Standards Publication 197, \url{http://csrc.nist.gov/publications/fips/fips197/fips-197.pdf}},
}

@article{RSA78,
  author    = {Ronald L. Rivest and Adi Shamir and Leonard M. Adleman},
  title     = {A Method for Obtaining Digital Signatures and Public-Key Cryptosystems},
  pages     = {120--126},
  year      = {1978},
  journal   = {Communications of the ACM},
  volume    = {21},
  number    = {2},
  publisher = {ACM New York, NY, USA},
  doi       = {10.1145/359340.359342},
}

@inproceedings{DBLP:conf/crypto/Kocher96,
  author    = {Paul C. Kocher},
  editor    = {Neal Koblitz},
  title     = {Timing Attacks on Implementations of Diffie-Hellman, RSA, DSS, and
               Other Systems},
  booktitle = {Advances in Cryptology - {CRYPTO} '96, 16th Annual International Cryptology
               Conference, Santa Barbara, California, USA, August 18-22, 1996, Proceedings},
  series    = {Lecture Notes in Computer Science},
  volume    = {1109},
  pages     = {104--113},
  publisher = {Springer},
  location  = {Santa Barbara, California},
  year      = {1996},
  url       = {https://doi.org/10.1007/3-540-68697-5_9},
  doi       = {10.1007/3-540-68697-5_9},
  timestamp = {Tue, 14 May 2019 10:00:48 +0200},
  biburl    = {https://dblp.org/rec/conf/crypto/Kocher96.bib},
  bibsource = {dblp computer science bibliography, https://dblp.org}
}

% microsoft
@misc{cryptoeprint:2024/2013,
      author = {Christian Paquin and Guru-Vamsi Policharla and Greg Zaverucha},
      title = {Crescent: Stronger Privacy for Existing Credentials},
      howpublished = {Cryptology {ePrint} Archive, Paper 2024/2013},
      year = {2024},
      url = {https://eprint.iacr.org/2024/2013}
}

% google
@misc{cryptoeprint:2024/2010,
      author = {Matteo Frigo and abhi shelat},
      title = {Anonymous credentials from {ECDSA}},
      howpublished = {Cryptology {ePrint} Archive, Paper 2024/2010},
      year = {2024},
      url = {https://eprint.iacr.org/2024/2010}
}

% hyrax
@misc{cryptoeprint:2017/1132,
      author = {Riad S.  Wahby and Ioanna Tzialla and abhi shelat and Justin Thaler and Michael Walfish},
      title = {Doubly-efficient {zkSNARKs} without trusted setup},
      howpublished = {Cryptology {ePrint} Archive, Paper 2017/1132},
      year = {2017},
      url = {https://eprint.iacr.org/2017/1132}
}

% zk sumcheck 
@misc{cryptoeprint:2019/1482,
      author = {Jiaheng Zhang and Tiancheng Xie and Yupeng Zhang and Dawn Song},
      title = {Transparent Polynomial Delegation and Its Applications to Zero Knowledge Proof},
      howpublished = {Cryptology {ePrint} Archive, Paper 2019/1482},
      year = {2019},
      url = {https://eprint.iacr.org/2019/1482}
}

@misc{cryptoeprint:2017/1066,
      author = {Benedikt BÃ¼nz and Jonathan Bootle and Dan Boneh and Andrew Poelstra and Pieter Wuille and Greg Maxwell},
      title = {Bulletproofs: Short Proofs for Confidential Transactions and More},
      howpublished = {Cryptology {ePrint} Archive, Paper 2017/1066},
      year = {2017},
      url = {https://eprint.iacr.org/2017/1066}
}

@misc{cryptoeprint:2024/306,
      author = {Intak Hwang and Jinyeong Seo and Yongsoo Song},
      title = {Concretely Efficient Lattice-based Polynomial Commitment from Standard Assumptions},
      howpublished = {Cryptology {ePrint} Archive, Paper 2024/306},
      year = {2024},
      url = {https://eprint.iacr.org/2024/306}
}